
@inproceedings{gibson2005volume,
  title={The volume and evolution of web page templates},
  author={Gibson, David and Punera, Kunal and Tomkins, Andrew},
  booktitle={Special interest tracks and posters of the 14th international conference on World Wide Web},
  pages={830--839},
  year={2005},
  organization={ACM}
}

@article{sahuguet2001building,
  title={Building intelligent web applications using lightweight wrappers},
  author={Sahuguet, Arnaud and Azavant, Fabien},
  journal={Data \& Knowledge Engineering},
  volume={36},
  number={3},
  pages={283--316},
  year={2001},
  publisher={Elsevier}
}

@inproceedings{liu2000xwrap,
  title={XWRAP: An XML-enabled wrapper construction system for web information sources},
  author={Liu, Ling and Pu, Calton and Han, Wei},
  booktitle={Data Engineering, 2000. Proceedings. 16th International Conference on},
  pages={611--621},
  year={2000},
  organization={IEEE}
}

@article{davison2000recognizing,
  title={Recognizing nepotistic links on the web},
  author={Davison, Brian D},
  journal={Artificial Intelligence for Web Search},
  pages={23--28},
  year={2000}
}

@inproceedings{kushmerick1999learning,
  title={Learning to remove internet advertisements},
  author={Kushmerick, Nicholas},
  booktitle={Proceedings of the third annual conference on Autonomous Agents},
  pages={175--181},
  year={1999},
  organization={ACM}
}

@inproceedings{debnath2005automatic,
  title={Automatic extraction of informative blocks from webpages},
  author={Debnath, Sandip and Mitra, Prasenjit and Giles, C Lee},
  booktitle={Proceedings of the 2005 ACM symposium on Applied computing},
  pages={1722--1726},
  year={2005},
  organization={ACM}
}

@incollection{debnath2005identifying,
  title={Identifying content blocks from web documents},
  author={Debnath, Sandip and Mitra, Prasenjit and Giles, C Lee},
  booktitle={Foundations of Intelligent Systems},
  pages={285--293},
  year={2005},
  publisher={Springer}
}

@inproceedings{mantratzis2005separating,
  title={Separating XHTML content from navigation clutter using DOM-structure block analysis},
  author={Mantratzis, Constantine and Orgun, Mehmet and Cassidy, Steve},
  booktitle={Proceedings of the sixteenth ACM conference on Hypertext and hypermedia},
  pages={145--147},
  year={2005},
  organization={ACM}
}

@inproceedings{gottron2008combining,
  title={Combining content extraction heuristics: the CombinE system},
  author={Gottron, Thomas},
  booktitle={Proceedings of the 10th International Conference on Information Integration and Web-based Applications \& Services},
  pages={591--595},
  year={2008},
  organization={ACM}
}

@article{finn2001fact,
  title={Fact or fiction: Content classification for digital libraries},
  author={Finn, Aidan and Kushmerick, Nicholas and Smyth, Barry},
  year={2001},
  publisher={Citeseer}
}

@inproceedings{gottron2008content,
  title={Content code blurring: A new approach to content extraction},
  author={Gottron, Thomas},
  booktitle={Database and Expert Systems Application, 2008. DEXA'08. 19th International Workshop on},
  pages={29--33},
  year={2008},
  organization={IEEE}
}

@inproceedings{weninger2010cetr,
  title={CETR: content extraction via tag ratios},
  author={Weninger, Tim and Hsu, William H and Han, Jiawei},
  booktitle={Proceedings of the 19th international conference on World wide web},
  pages={971--980},
  year={2010},
  organization={ACM}
}

@inproceedings{sun2011dom,
  title={Dom based content extraction via text density},
  author={Sun, Fei and Song, Dandan and Liao, Lejian},
  booktitle={Proceedings of the 34th international ACM SIGIR conference on Research and development in Information Retrieval},
  pages={245--254},
  year={2011},
  organization={ACM}
}

@inproceedings{wu2013web,
  title={Web news extraction via path ratios},
  author={Wu, Gongqing and Li, Li and Hu, Xuegang and Wu, Xindong},
  booktitle={Proceedings of the 22nd ACM international conference on Conference on information \& knowledge management},
  pages={2059--2068},
  year={2013},
  organization={ACM}
}

@inproceedings{rahman2001content,
  title={Content extraction from HTML documents},
  author={Rahman, AFR and Alam, H and Hartono, R},
  booktitle={1st Int. Workshop on Web Document Analysis (WDA2001)},
  pages={1--4},
  year={2001}
}

@inproceedings{marek2007web,
  title={Web page cleaning with conditional random fields},
  author={Marek, Michal and Pecina, Pavel and Spousta, Miroslav},
  booktitle={Building and Exploring Web Corpora: Proceedings of the Fifth Web as Corpus Workshop, Incorporationg CleanEval (WAC3), Belgium},
  pages={155--162},
  year={2007}
}

@inproceedings{bauer2007fiasco,
  title={FIASCO: Filtering the Internet by Automatic Subtree Classification, Osnabruck},
  author={Bauer, Daniel and Degen, Judith and Deng, Xiaoye and Herger, Priska and Gasthaus, Jan and Giesbrecht, Eugenie and Jansen, Lina and Kahna, Christin and Kriiger, Thorben and Martin, Robert and others},
  booktitle={Building and Exploring Web Corpora: Proceedings of the 3rd Web as Corpus Workshop, incorporating Cleaneval},
  volume={4},
  pages={111--121},
  year={2007}
}

@techreport{cai2003vips,
  title={VIPS: a visionbased page segmentation algorithm},
  author={Cai, Deng and Yu, Shipeng and Wen, Ji-Rong and Ma, Wei-Ying},
  year={2003},
  institution={Microsoft technical report, MSR-TR-2003-79}
}

@inproceedings{song2004learning,
  title={Learning block importance models for web pages},
  author={Song, Ruihua and Liu, Haifeng and Wen, Ji-Rong and Ma, Wei-Ying},
  booktitle={Proceedings of the 13th international conference on World Wide Web},
  pages={203--211},
  year={2004},
  organization={ACM}
}

@inproceedings{fernandes2007computing,
  title={Computing block importance for searching on web sites},
  author={Fernandes, David and de Moura, Edleno S and Ribeiro-Neto, Berthier and da Silva, Altigran S and Gon{\c{c}}alves, Marcos Andr{\'e}},
  booktitle={Proceedings of the sixteenth ACM conference on Conference on information and knowledge management},
  pages={165--174},
  year={2007},
  organization={ACM}
}

@inproceedings{lin2002discovering,
  title={Discovering informative content blocks from Web documents},
  author={Lin, Shian-Hua and Ho, Jan-Ming},
  booktitle={Proceedings of the eighth ACM SIGKDD international conference on Knowledge discovery and data mining},
  pages={588--593},
  year={2002},
  organization={ACM}
}

@inproceedings{yi2003eliminating,
  title={Eliminating noisy information in web pages for data mining},
  author={Yi, Lan and Liu, Bing and Li, Xiaoli},
  booktitle={Proceedings of the ninth ACM SIGKDD international conference on Knowledge discovery and data mining},
  pages={296--305},
  year={2003},
  organization={ACM}
}

@phdthesis{kushmerick1997wrapper,
  title={Wrapper induction for information extraction},
  author={Kushmerick, Nicholas},
  year={1997},
  school={University of Washington}
}

@article{hsu1998generating,
  title={Generating finite-state transducers for semi-structured data extraction from the web},
  author={Hsu, Chun-Nan and Dung, Ming-Tzung},
  journal={Information systems},
  volume={23},
  number={8},
  pages={521--538},
  year={1998},
  publisher={Elsevier}
}

@inproceedings{chuang2004tree,
  title={Tree-structured template generation for web pages},
  author={Chuang, Shui-Lung and Hsu, Jane Yung-jen},
  booktitle={Web Intelligence, 2004. WI 2004. Proceedings. IEEE/WIC/ACM International Conference on},
  pages={327--333},
  year={2004},
  organization={IEEE}
}

@inproceedings{zheng2009efficient,
  title={Efficient record-level wrapper induction},
  author={Zheng, Shuyi and Song, Ruihua and Wen, Ji-Rong and Giles, C Lee},
  booktitle={Proceedings of the 18th ACM conference on Information and knowledge management},
  pages={47--56},
  year={2009},
  organization={ACM}
}

@article{孟小峰2001xwis,
  language={chinese},
  title={XWIS 中基于预定义模式的包装器},
  author={孟小峰 and 王海燕 and 谷明哲 and 王静},
  journal={计算机应用},
  volume={21},
  number={9},
  pages={1--3},
  year={2001}
}

@article{李效东2002基于,
  title={基于 DOM 的 Web 信息提取},
  author={李效东 and 顾毓清},
  journal={计算机学报},
  volume={25},
  number={5},
  pages={526--533},
  year={2002}
}

@inproceedings{embley1999record,
  title={Record-boundary discovery in Web documents},
  author={Embley, David W and Jiang, Yuan and Ng, Y-K},
  booktitle={ACM SIGMOD Record},
  volume={28},
  number={2},
  pages={467--478},
  year={1999},
  organization={ACM}
}

@inproceedings{buttler2001fully,
  title={A fully automated object extraction system for the World Wide Web},
  author={Buttler, David and Liu, Ling and Pu, Calton},
  booktitle={Distributed Computing Systems, 2001. 21st International Conference on.},
  pages={361--370},
  year={2001},
  organization={IEEE}
}

@inproceedings{chang2001iepad,
  title={IEPAD: information extraction based on pattern discovery},
  author={Chang, Chia-Hui and Lui, Shao-Chen},
  booktitle={Proceedings of the 10th international conference on World Wide Web},
  pages={681--688},
  year={2001},
  organization={ACM}
}

@inproceedings{wang2003data,
  title={Data extraction and label assignment for web databases},
  author={Wang, Jiying and Lochovsky, Fred H},
  booktitle={Proceedings of the 12th international conference on World Wide Web},
  pages={187--196},
  year={2003},
  organization={ACM}
}

@inproceedings{muslea1999hierarchical,
  title={A hierarchical approach to wrapper induction},
  author={Muslea, Ion and Minton, Steve and Knoblock, Craig},
  booktitle={Proceedings of the third annual conference on Autonomous Agents},
  pages={190--197},
  year={1999},
  organization={ACM}
}

@inproceedings{liu2003mining,
  title={Mining data records in Web pages},
  author={Liu, Bing and Grossman, Robert and Zhai, Yanhong},
  booktitle={Proceedings of the ninth ACM SIGKDD international conference on Knowledge discovery and data mining},
  pages={601--606},
  year={2003},
  organization={ACM}
}

@inproceedings{song2010automatic,
  title={Automatic extraction of web data records containing user-generated content},
  author={Song, Xinying and Liu, Jing and Cao, Yunbo and Lin, Chin-Yew and Hon, Hsiao-Wuen},
  booktitle={Proceedings of the 19th ACM international conference on Information and knowledge management},
  pages={39--48},
  year={2010},
  organization={ACM}
}

@inproceedings{levenshtein1966binary,
  title={Binary codes capable of correcting deletions, insertions, and reversals},
  author={Levenshtein, Vladimir I},
  booktitle={Soviet physics doklady},
  volume={10},
  number={8},
  pages={707--710},
  year={1966}
}

@article{o2007web,
  title={What is Web 2.0: Design patterns and business models for the next generation of software},
  author={O'reilly, Tim},
  journal={Communications \& strategies},
  number={1},
  pages={17},
  year={2007}
}

@article{tai1979tree,
  title={The tree-to-tree correction problem},
  author={Tai, Kuo-Chung},
  journal={Journal of the ACM (JACM)},
  volume={26},
  number={3},
  pages={422--433},
  year={1979},
  publisher={ACM}
}

@article{selkow1977tree,
  title={The tree-to-tree editing problem},
  author={Selkow, Stanley M},
  journal={Information processing letters},
  volume={6},
  number={6},
  pages={184--186},
  year={1977},
  publisher={Elsevier}
}

@article{yang1991identifying,
  title={Identifying syntactic differences between two programs},
  author={Yang, Wuu},
  journal={Software: Practice and Experience},
  volume={21},
  number={7},
  pages={739--755},
  year={1991},
  publisher={Wiley Online Library}
}

